@article{spinimages,
    author = {Svetlana Lazebnik and Cordelia Schmid and Jean Ponce},
    title = {A Sparse Texture Representation Using Affine-Invariant Regions},
    year = {2003},
    % https://slazebni.cs.illinois.edu/publications/cvpr03a.pdf
}

@article{sift,
	author = {David G. Lowe},
	title = {Distinctive Image Features from Scale-Invariant Keypoints},
	year = {2004},
    % https://www.cs.ubc.ca/~lowe/papers/ijcv04.pdf
}

@article{vocabularytree,
    author = {David Nist ́er and Henrik Stew ́enius},
    title = {Scalable Recognition with a Vocabulary Tree},
    year = {2006},
    % https://inst.eecs.berkeley.edu//~cs294-6/fa06/papers/nister_stewenius_cvpr2006.pdf
}

@article{primatevisualcortex,
    author = {T., Serre and M., Kouh and C., Cadieu and U., Knoblich and G., Kreiman and T., Poggio},
    title = {A Theory of Object Recognition: Computations and Circuits in the Feedforward Path of the Ventral Stream in Primate Visual Cortex},
    year = {2005},
    % https://serre-lab.clps.brown.edu/wp-content/uploads/2012/08/GetTRDoc.pdf
}
